@misc{2106.13728,
	doi = {10.1016/j.cma.2021.114232},
	url = {http://arxiv.org/abs/2106.13728v1},
	archivePrefix = {arXiv},
	eprint = {2106.13728},
	year = 2021,
	month = {jun},
	author = {Santiago Badia and Eric Neiva and Francesc Verdugo},
	title = {Linking ghost penalty and aggregated unfitted methods}
}
@misc{2102.11802,
	url = {http://arxiv.org/abs/2102.11802v2},
	archivePrefix = {arXiv},
	eprint = {2102.11802},
	year = 2021,
	month = {feb},
	author = {Jan Blechschmidt and Oliver G. Ernst},
	title = {(**) Three Ways to Solve Partial Differential Equations with Neural Networks -- A Review}
}
@article{10.21105_joss.02520,
	doi = {10.21105/joss.02520},
	url = {https://doi.org/10.21105%2Fjoss.02520},
	year = 2020,
	month = {aug},
	publisher = {The Open Journal},
	volume = {5},
	number = {52},
	pages = {2520},
	author = {Santiago Badia and Francesc Verdugo},
	title = {Gridap: An extensible Finite Element toolbox in Julia},
	journal = {Journal of Open Source Software}
}
@article{10.1016_0021-9991_80_90005-4,
	doi = {10.1016/0021-9991(80)90005-4},
	url = {https://doi.org/10.1016%2F0021-9991%2880%2990005-4},
	year = 1980,
	month = {aug},
	publisher = {Elsevier {BV}},
	volume = {37},
	number = {1},
	pages = {70--92},
	author = {Steven A Orszag},
	title = {Spectral methods for problems in complex geometries},
	journal = {Journal of Computational Physics}
}
